<marc:collection xmlns:marc="http://www.loc.gov/MARC21/slim">
    <marc:record source="doyle.bl.library.author.xml">
        <marc:leader>00923pam a2200289 a 4500</marc:leader>
        <marc:controlfield tag="001">012947022</marc:controlfield>
        <marc:controlfield tag="003">Uk</marc:controlfield>
        <marc:controlfield tag="005">20170720144246.0</marc:controlfield>
        <marc:controlfield tag="008">040628s2004    enk    e      000 1 eng  </marc:controlfield>
        <marc:datafield tag="020" ind1=" " ind2=" ">
            <marc:subfield code="a">1904633722 :</marc:subfield>
            <marc:subfield code="c">£5.99</marc:subfield>
        </marc:datafield>
        <marc:datafield tag="100" ind1="1" ind2=" ">
            <marc:subfield code="a">Doyle, Arthur Conan</marc:subfield>
            <marc:subfield code="d">1859-1930.</marc:subfield>
            <marc:subfield code="1p">http://viaf.org/viaf/65283845</marc:subfield>
        </marc:datafield>
        <marc:datafield tag="240" ind1="1" ind2=" ">
            <marc:subfield code="a">The Hound of the Baskervilles</marc:subfield>
            <marc:subfield code="1w">http://viaf.org/viaf/181625655</marc:subfield>
            <marc:subfield code="2">generated from 245</marc:subfield>
        </marc:datafield>
        <marc:datafield tag="245" ind1="1" ind2="4">
            <marc:subfield code="a">The hound of the Baskervilles ;</marc:subfield>
            <marc:subfield code="b">&amp; The valley of fear /</marc:subfield>
            <marc:subfield code="c">Sir Arthur Conan Doyle.</marc:subfield>
        </marc:datafield>
        <marc:datafield tag="260" ind1=" " ind2=" ">
            <marc:subfield code="a">London :</marc:subfield>
            <marc:subfield code="b">Collector's Library,</marc:subfield>
            <marc:subfield code="c">2004.</marc:subfield>
        </marc:datafield>
        <marc:datafield tag="300" ind1=" " ind2=" ">
            <marc:subfield code="a">424 p. ;</marc:subfield>
            <marc:subfield code="c">15 cm.</marc:subfield>
        </marc:datafield>
        <marc:datafield tag="336" ind1=" " ind2=" ">
            <marc:subfield code="a">text</marc:subfield>
            <marc:subfield code="2">rdacontent</marc:subfield>
        </marc:datafield>
        <marc:datafield tag="337" ind1=" " ind2=" ">
            <marc:subfield code="a">unmediated</marc:subfield>
            <marc:subfield code="2">rdamedia</marc:subfield>
        </marc:datafield>
        <marc:datafield tag="338" ind1=" " ind2=" ">
            <marc:subfield code="a">volume</marc:subfield>
            <marc:subfield code="2">rdacarrier</marc:subfield>
        </marc:datafield>
        <marc:datafield tag="700" ind1="1" ind2=" ">
            <marc:subfield code="a">Elton John</marc:subfield>
            <marc:subfield code="1p">http://viaf.org/viaf/testidpersonemne</marc:subfield>
            <marc:subfield code="4">ill</marc:subfield>
        </marc:datafield>
        <marc:datafield tag="700" ind1="1" ind2=" ">
            <marc:subfield code="a">Son of Elton John</marc:subfield>
            <marc:subfield code="1p">http://viaf.org/viaf/testidpersonemne2</marc:subfield>
        </marc:datafield>
    </marc:record>
</marc:collection>